@article{https://doi.org/10.48550/arxiv.2202.06114,
  doi = {10.48550/ARXIV.2202.06114},
  
  url = {https://arxiv.org/abs/2202.06114},
  
  author = {Dvinskikh, Darina and Tominin, Vladislav and Tominin, Yaroslav and Gasnikov, Alexander},
  
  keywords = {Optimization and Control (math.OC), FOS: Mathematics, FOS: Mathematics},
  
  title = {Gradient-Free Optimization for Non-Smooth Saddle Point Problems under Adversarial Noise},
  
  publisher = {arXiv},
  
  year = {2022},
  
  copyright = {arXiv.org perpetual, non-exclusive license}
}

@article{https://doi.org/10.48550/arxiv.2201.12289,
  doi = {10.48550/ARXIV.2201.12289},
  
  url = {https://arxiv.org/abs/2201.12289},
  
  author = {Gasnikov, Alexander and Novitskii, Anton and Novitskii, Vasilii and Abdukhakimov, Farshed and Kamzolov, Dmitry and Beznosikov, Aleksandr and Takáč, Martin and Dvurechensky, Pavel and Gu, Bin},
  
  keywords = {Optimization and Control (math.OC), FOS: Mathematics, FOS: Mathematics},
  
  title = {The Power of First-Order Smooth Optimization for Black-Box Non-Smooth Problems},
  
  publisher = {arXiv},
  
  year = {2022},
  
  copyright = {arXiv.org perpetual, non-exclusive license}
}